<?xml version="1.0" encoding="UTF-8"?>
<record xmlns="http://www.loc.gov/MARC21/slim" xmlns:xsi="http://www.w3.org/2001/XMLSchema-instance" xsi:schemaLocation="http://www.loc.gov/MARC21/slim http://www.loc.gov/standards/marcxml/schema/MARC21slim.xsd">
<leader>     cam a2200277 a 4500</leader>
<controlfield tag="001">001858917</controlfield>
<controlfield tag="003">NNU</controlfield>
<controlfield tag="005">19940713181853.0</controlfield>
<controlfield tag="008">900424s1949    le       b    000 0 ara d</controlfield>
<datafield tag="035" ind1="9" ind2=" ">
<subfield code="a">NYUb10796996</subfield>
</datafield>
<datafield tag="035" ind1=" " ind2=" ">
<subfield code="a">(CStRLIN)NYUG90-B16865</subfield>
</datafield>
<datafield tag="035" ind1=" " ind2=" ">
<subfield code="a">GLIS00796996X</subfield>
</datafield>
<datafield tag="040" ind1=" " ind2=" ">
<subfield code="a">NNU</subfield>
<subfield code="c">NNU</subfield>
</datafield>
<datafield tag="043" ind1=" " ind2=" ">
<subfield code="a">e-sp---</subfield>
</datafield>
<datafield tag="090" ind1=" " ind2=" ">
<subfield code="i">07/05/90 T</subfield>
<subfield code="h">06/11/90 CT</subfield>
</datafield>
<datafield tag="100" ind1="1" ind2=" ">
<subfield code="a">Nykl, A. R.</subfield>
<subfield code="q">(Alois Richard),</subfield>
<subfield code="d">b. 1885.</subfield>
</datafield>
<datafield tag="245" ind1="1" ind2="0">
<subfield code="a">Mukhtārāt min al-shiʻr al-Andalusī /</subfield>
<subfield code="c">jamaʻahā wa-ḥaqqaqahā A.R. Nīkil.</subfield>
</datafield>
<datafield tag="250" ind1=" " ind2=" ">
<subfield code="a">al-Ṭabʻah 1.</subfield>
</datafield>
<datafield tag="260" ind1=" " ind2=" ">
<subfield code="a">[Bayrūt] :</subfield>
<subfield code="b">Dār al-ʻIlm lil-Malāyīn,</subfield>
<subfield code="c">1949.</subfield>
</datafield>
<datafield tag="300" ind1=" " ind2=" ">
<subfield code="a">228 p. ;</subfield>
<subfield code="c">24 cm.</subfield>
</datafield>
<datafield tag="500" ind1=" " ind2=" ">
<subfield code="a">Title on p. [4] of cover: Selections from Hispano-Arabic poetry.</subfield>
</datafield>
<datafield tag="504" ind1=" " ind2=" ">
<subfield code="a">Includes bibliographical references and index.</subfield>
</datafield>
<datafield tag="650" ind1=" " ind2="0">
<subfield code="a">Arabic poetry</subfield>
<subfield code="z">Spain.</subfield>
</datafield>
<datafield tag="740" ind1="0" ind2=" ">
<subfield code="a">Selections from Hispano-Arabic poetry.</subfield>
</datafield>
<datafield tag="OWN" ind1=" " ind2=" ">
<subfield code="a">GENERAL</subfield>
</datafield>
<datafield tag="950" ind1=" " ind2=" ">
<subfield code="l">BMAIN</subfield>
<subfield code="a">PJ8414</subfield>
<subfield code="b">.N9 1949</subfield>
<subfield code="i">07/05/90 N</subfield>
<subfield code="h">06/11/90 C</subfield>
</datafield>
<datafield tag="955" ind1=" " ind2=" ">
<subfield code="l">BMAIN</subfield>
<subfield code="c">1</subfield>
<subfield code="r">014437589</subfield>
<subfield code="h">06/11/90 C</subfield>
</datafield>
<datafield tag="998" ind1=" " ind2=" ">
<subfield code="a">07/05/90</subfield>
<subfield code="t">c</subfield>
<subfield code="s">9114</subfield>
<subfield code="n">NNU</subfield>
<subfield code="w">NYUG90B16865</subfield>
<subfield code="d">04/24/90</subfield>
<subfield code="c">MG</subfield>
<subfield code="b">REP</subfield>
<subfield code="i">900705</subfield>
<subfield code="h">900611</subfield>
<subfield code="l">NYUG</subfield>
</datafield>
<datafield tag="AVA" ind1=" " ind2=" ">
<subfield code="a">NYU50</subfield>
<subfield code="b">BOBST</subfield>
<subfield code="c">Main Collection</subfield>
<subfield code="d">PJ8414 .N9 1949</subfield>
<subfield code="e">unavailable</subfield>
<subfield code="t">Unavailable</subfield>
<subfield code="f">1</subfield>
<subfield code="g">1</subfield>
<subfield code="h">N</subfield>
<subfield code="i">1</subfield>
<subfield code="j">MAIN</subfield>
<subfield code="k">0</subfield>
</datafield>
</record>
